1864 3041
512 103 540 129 S.
561 102 722 130 GREGORll
738 103 862 130 TllEOL.
877 102 1059 132 CAllMlNUM
1073 101 1173 130 LlBER
1193 100 1224 129 lt.
1246 99 1440 128 tusrontcA.
1732 98 1786 127 976

966 163 988 190 Α
1003 161 1040 187 Οὐ
1057 160 1108 194 γῆς
1121 159 1273 194 πυροφόρου
1291 159 1376 192 γυῖαι,
1396 157 1442 184 καὶ
1456 156 1539 184 ἄλσεα
1555 156 1634 189 καλὰ,

1002 206 1067 232 Οὐδὲ
1081 205 1148 240 βοῶν
1159 205 1264 238 ἀγέλαι,
1281 205 1327 231 καὶ
1339 203 1415 230 πώεα
1430 203 1511 229 πίονα
1524 202 1628 237 μήλων,

1000 251 1065 277 Οὐδὲ
1080 250 1150 284 φίλοι
1166 250 1346 285 θεράποντες,
1358 248 1424 283 ἐμὸν
1440 247 1535 282 γένος,
1547 246 1594 278 οὖς
1610 248 1645 282 ῥα
1659 245 1786 281 τυραννὶς

999 296 1033 323 80
1045 297 1169 331 Ἔσχισεν
1187 296 1302 331 ἀρχαίη,
1319 295 1365 321 καὶ
1381 294 1482 329 οὔνομα
1497 294 1599 328 θήκατο
1617 292 1706 318 δισσὸν

999 341 1135 376 Εὐγενέας
1150 342 1242 376 δμῶάς
1255 350 1296 372 τε,
1316 341 1379 375 μιῆς
1393 339 1485 375 χθονὸς
1500 338 1683 372 ἐκγεγαῶτας,

1002 387 1036 412 Ἥ
1052 386 1159 421 χθονὸς,
1176 386 1208 421 ἠὲ
1223 386 1308 412 Θεοῖο.
1323 386 1412 420 Νόμος
1429 385 1456 411 δὲ
1472 384 1599 410 ὲπέσπετ’
1615 383 1731 419 ἀλιτρός.

1035 432 1101 458 Οὺδέ
1118 432 1144 457 τί
1161 441 1207 467 μοι
1220 432 1303 467 χρειὼ
1321 431 1414 465 πνοιῆς
1432 430 1536 456 ὤκιστα
1550 429 1674 465 ῥεούσης,

1004 477 1165 512 Ἀνδρομέης
1180 478 1262 512 τιμῆς
1273 497 1280 509 ,
1305 478 1351 503 καὶ
1368 476 1461 508 κύδεος
1478 476 1643 511 ὀλλυμένοιο.

999 522 1033 549 85
1041 522 1077 548 Οὺ
1092 522 1163 556 μέγα
1171 522 1226 557 πὰρ
1236 522 1361 557 βασιλῆος
1370 521 1441 556 ἔχειν
1450 522 1532 556 γέρας
1543 520 1645 547 ἔνδοθεν
1654 519 1748 554 αὐλῆς,

999 568 1067 593 Οὐδὲ
1081 567 1156 602 δίκης
1174 576 1208 602 με
1225 567 1326 603 Θρόνων
1343 567 1402 593 ποθ’
1416 567 1475 593 ’έλεν
1487 566 1578 597 πόθος,
1595 563 1662 592 οἶσιν
1676 565 1786 600 ἔμελλον

999 613 1111 644 Κλεινὸς
1128 613 1300 648 ὲφεδρήσσων
1312 614 1382 648 ὑπὲρ
1395 613 1498 648 ὀφρύας
1516 612 1581 646 ὕψος
1591 612 1693 647 ἀείρειν
1702 619 1709 626 ·

1000 659 1067 685 Οὐδὲ
1083 658 1141 693 μέγ’
1155 660 1183 684 ὲν
1201 658 1340 685 πολέεσσιν
1354 659 1424 694 ἔχειν
1440 659 1531 690 σθένος
1541 678 1548 690 ,
1565 658 1581 694 ἣ
1597 658 1748 692 πολιήταις,

1001 705 1173 739 Τερπόμενον
1189 704 1323 740 ψεύστῃσι
1341 705 1389 731 καὶ
1400 705 1574 740 ἀδρανέεσσιν
1593 703 1706 738 ὀνείροις

163 103 216 131 975·

164 160 268 192 Διυμὺν
284 160 326 186 ἐπ’
344 159 496 196 ἀνθρώποις
512 160 561 194 ὕλη
579 160 657 194 βάλεν
671 181 677 192 ,
695 161 790 195 ἄχῦεος
806 162 905 196 ἀρχήν·

164 204 199 231 65
214 204 274 230 Οὐδ’
288 203 358 230 εἶλεν
374 204 463 239 σηρῶν
480 204 549 230 καλὰ
563 206 681 240 νήματα,
697 206 758 232 οὐδὲ
773 206 911 240 τράπεζαν

171 250 308 285 Ἠγὲισθην
324 249 442 284 λιπαρὴν
452 269 459 281 ,
478 250 643 284 πολυχανδέα
654 251 774 285 γαστέρα
789 251 905 285 βόσκων,

163 294 342 329 Μαχλοσύνης
361 295 491 329 μήτειραν
505 294 655 320 ἀτάσθαλον
666 303 672 309 ·
685 295 745 321 οὐδὲ
760 295 863 329 δόμοισι

164 340 258 366 Natam
272 340 300 365 ἐν
317 339 457 374 μεγάλοισι
476 339 522 365 καὶ
537 339 680 374 αἰγλήεσσι
695 340 811 374 φίλησα·

164 386 201 412 Οὐ
217 385 319 420 μούσης
334 385 442 416 ἀταλοῐς
459 385 499 411 ἐν).
515 385 650 420 κρούμασι
666 385 750 420 Θυμὺν
766 385 858 420 ἱανθην
872 394 878 399 ·

162 432 197 459 70
209 431 275 457 Οὐδὲ
288 431 380 466 μύρων
398 431 506 466 μαλακὴ
521 440 554 466 με
570 431 697 467 διέδραμε
716 431 797 466 Οῆλυς
813 432 913 466 ἀϋτμή.

166 477 269 503 ’Ἃλλων
282 477 303 503 δ’
315 474 347 503 αὖ
361 476 461 512 χρυσός
478 485 507 503 τε
524 477 571 503 καὶ
588 477 724 512 ἄργυρος,
740 476 763 502 οἳ
780 476 915 510 φιλέοντες

163 522 315 557 Νηρίθμοις
329 522 486 549 κτεάτεσσιν
501 522 657 557 ἐφεζόμενοι
678 522 852 556 μελεδαίνειν,

165 568 248 604 lla-:by
263 569 356 604 τέρψιν
373 569 464 604 ἔχουσι
474 588 480 598 ,
503 569 586 595 πολὺν
601 568 690 594 πόνον.
704 568 796 603 Αὐτὰρ
813 567 906 602 ἔμοιγε

162 615 246 646 Μάζα
257 615 320 649 φίλη
330 635 337 646 ,
353 615 438 648 γλυκὺ
455 615 475 641 δ’
487 615 562 649 ὄψον,
574 614 636 645 ὄιλες
646 634 652 645 ,
671 614 762 648 σχεδίη
773 614 799 640 δὲ
810 613 932 648 τράπεζα
942 621 948 628 ·

165 661 197 687 75
209 661 346 696 Νηφὰλιον
357 661 379 686 6·
387 660 433 686 ἐπὶ
444 661 527 686 τοῖσιν
537 660 608 694 ὕδωρ
617 660 708 685 ποτόν·
720 657 797 690 οὗτος
806 660 916 694 ἄριστος

162 705 280 737 Πλοῦτος
293 705 364 740 ἐμοὶ,
382 705 429 732 καὶ
448 705 563 740 Χριστὸς
581 704 646 739 ἐμὸν
661 704 719 731 νόον
735 704 793 731 αἰὲν
806 704 915 738 ἀείρων.

415 792 558 819 Vinculum
571 792 728 819 bominibus
742 800 757 818 a
773 792 887 819 materia
904 792 1045 827 injectum,
1064 793 1250 820 molestiarum
1266 793 1372 820 initium
1386 814 1392 821 .

414 827 447 855 65
459 827 514 854 Nec
529 835 571 854 me
585 828 734 854 sericorum
754 828 900 854 staminum
916 829 987 863 cepit
1002 828 1185 863 pnleliritndO,
1204 836 1254 856 nec
1269 836 1390 857 mensam

414 863 527 889 Miratus
539 869 598 889 sum
619 862 756 896 pinguem,
771 862 959 897 inexplebilem
977 868 1099 891 ventrem
1115 870 1241 898 pascens,

413 897 544 924 Lasciriae
559 897 701 924 scelestam
720 900 832 924 matrem
850 906 856 924 ε
873 900 924 925 nec
939 897 1035 926 domos

413 932 540 959 Habitare
556 932 678 966 ingentes
690 936 717 958 et
734 931 889 959 renidentes
903 935 1007 966 amavi;

412 967 468 994 Nee
483 967 593 993 musicae
606 967 707 993 teneris
722 966 797 994 sonis
809 967 930 994 animum
946 967 1060 994 demulsi
1073 976 1081 1000 ;

413 1002 446 1029 70
459 1001 513 1029 Nec
531 1006 731 1036 unguentorum
747 1001 836 1029 mollis
848 1009 891 1029 me
907 1007 933 1029 et
946 1002 1119 1030 effeminatus
1135 1002 1254 1036 perfudit
1267 1010 1361 1038 vapor.

412 1037 535 1063 Aliorum
551 1038 606 1063 sint
621 1044 717 1063 aurum
732 1040 758 1062 et
775 1040 928 1071 argentum,
940 1038 986 1071 qui
1003 1038 1066 1064 dum
1085 1041 1190 1070 amant,

412 1071 567 1099 Innumeris
579 1072 676 1106 opibus
688 1071 848 1103 insidentes.
866 1072 975 1099 solliciti
996 1079 1067 1103 esse,

413 1106 510 1133 Levem
523 1106 624 1134 liabent
638 1106 815 1140 voluptatem,
834 1114 865 1133 ac
879 1107 998 1134 laborem
1014 1106 1173 1141 plurimum.
1187 1105 1292 1133 Rursus
1306 1107 1372 1134 milii

413 1141 487 1168 Maza
508 1141 606 1175 placet,
619 1141 753 1174 cibusque
770 1141 920 1174 jucundus,
937 1143 1018 1173 sales,
1034 1147 1126 1168 mensa
1145 1141 1205 1168 sine
1218 1145 1350 1175 apparatu
1364 1150 1370 1168 :

414 1177 449 1202 75
460 1176 499 1202 Ad
515 1176 572 1202 haee
583 1184 645 1203 vero
657 1176 765 1203 sobrius
784 1180 874 1210 potus,
889 1184 959 1211 aqua
974 1184 980 1202 ε
994 1177 1035 1203 liae
1049 1176 1114 1202 milii
1129 1181 1193 1203 sunt
1207 1177 1316 1211 optima}

417 1210 532 1241 Divitiae,
545 1215 570 1237 et
583 1210 709 1238 Christus
723 1217 809 1237 meam
824 1218 932 1245 semper
943 1215 1061 1238 mentem
1077 1211 1192 1246 erigens.

412 1244 471 1272 Non
483 1245 579 1272 fertilis
598 1245 789 1280 terraejugera‚
807 1250 833 1272 et
847 1246 959 1280 pulchra
976 1253 1098 1277 nemora,

415 1280 470 1307 Nec
488 1280 570 1307 boum
583 1285 715 1312 armenta,
734 1288 784 1307 nec
796 1280 910 1315 pingues
924 1281 1014 1307 orium
1030 1288 1134 1315 greges,

412 1315 467 1342 Nee
482 1315 553 1342 servi
568 1316 686 1350 placent,
700 1323 789 1342 meum
804 1323 900 1351 genus,
920 1324 988 1351 quos
1004 1316 1129 1350 tyrannis

412 1350 447 1377 80
462 1349 557 1377 Divisit
571 1351 693 1385 antiqua,
709 1354 735 1378 et
749 1358 849 1377 nomen
863 1350 959 1386 duplex
978 1351 1119 1385 imposuit,

416 1385 549 1420 ingenuos
561 1390 586 1412 et
599 1393 703 1415 servos,
716 1392 747 1412 ex
764 1392 817 1412 una
829 1390 901 1412 terra
916 1386 1032 1420 genitos.

415 1419 477 1447 Sive
491 1424 573 1451 terra,
592 1420 649 1448 sive
668 1419 734 1447 neo.
747 1420 872 1455 Improba
883 1425 973 1447 autem
992 1423 1033 1447 lex
1050 1420 1195 1448 subsecuta
1216 1424 1267 1448 est.

449 1454 501 1482 Sed
516 1462 566 1482 nec
580 1462 646 1482 aura
663 1455 770 1489 indigeo
785 1455 926 1483 celerrime
938 1459 1127 1487 evanescente,

414 1489 547 1516 Humanis
560 1490 721 1522 honoribus,
737 1494 764 1517 et
777 1494 906 1524 pereunte
916 1491 1000 1526 gloria
1014 1499 1020 1517 :

413 1525 448 1551 85
468 1524 527 1551 Non
542 1532 557 1551 a
570 1533 632 1560 rege
649 1532 744 1560 magna
759 1526 869 1560 praemia
885 1525 912 1552 in
926 1526 987 1552 aula
1005 1525 1147 1560 consequi,

416 1559 475 1586 Non
489 1559 636 1587 sorensium
650 1568 692 1587 me
712 1568 829 1594 unquam
843 1568 918 1587 amor
929 1561 1090 1587 thronorum
1106 1560 1187 1594 cepit,

417 1594 520 1626 Quibus
540 1595 656 1634 gloriose
672 1595 794 1623 insidens
812 1595 987 1630 supercilium
1009 1596 1090 1622 altius
1108 1595 1278 1622 attollerem:

417 1629 471 1656 Nec
487 1629 513 1655 in
530 1629 696 1661 civitatibus,
713 1634 793 1664 atque
810 1630 879 1657 inter
893 1631 966 1658 cives
980 1638 1077 1665 magna
1092 1630 1194 1665 pollere
1210 1629 1371 1656 auctoritate

416 1663 584 1691 Gaudentem
598 1664 776 1692 mendacibus
790 1669 816 1692 et
827 1665 952 1693 inanibus
969 1666 1083 1692 somniis

196 1751 232 1778 fit
246 1752 335 1784 ”Υλη.
354 1750 431 1786 Cliig.
447 1754 476 1778 et
486 1750 562 1786 Regii
580 1751 672 1786 plures
691 1752 765 1786 ὕλης.

198 1787 231 1812 74
249 1786 338 1816 Μάζα.
356 1786 419 1821 Reg.
435 1786 497 1817 992,
515 1794 575 1821 sup.
597 1787 645 1813 lin.
661 1786 757 1821 ἀτελὴς
777 1787 867 1821 ἄρτος.

198 1822 230 1848 77
248 1822 432 1855 Πιςροφόρου.
460 1821 542 1848 Coisl.
562 1827 587 1848 et
614 1821 689 1855 Regii
712 1823 801 1856 plures
831 1822 949 1858 πυροφό-

160 1865 229 1891 ροιο.
250 1857 315 1888 Quae
334 1857 443 1883 multum
461 1857 556 1890 fertilis
571 1857 732 1890 frumentum
748 1857 877 1890 producit.

199 1893 231 1918 79
244 1892 319 1918 Οὐδὲ
339 1892 432 1926 φίλοι.
449 1891 506 1917 Non
522 1892 590 1919 male
605 1890 695 1926 chig..
713 1892 772 1918 οὐδὲ
785 1892 870 1925 φίλον.

197 1927 231 1952 89.
257 1926 420 1953 Ἐπέσπετ’.
437 1926 520 1953 Coisl.
540 1927 672 1952 ὲπίσπετ’.
690 1926 768 1962 Cliig.
788 1928 946 1953 ἐπιεσπᾶτο.

161 1961 260 1988 Censet
277 1962 424 1996 Gregorius
444 1962 587 1996 tyrannide
612 1962 744 1988 invectam
764 1970 825 1989 esse
850 1962 948 1988 ‹listin-

161 1997 280 2023 ctionem
301 1997 370 2024 inter
393 1997 523 2032 ingenuos
539 2001 565 2023 et
586 2005 680 2024 servos
701 2004 733 2023 ex
757 1997 850 2024 eadem
876 2002 947 2024 terra

1001 1757 1089 1783 natos,
1111 1752 1167 1779 sive
1181 1757 1262 1783 terra,
1280 1752 1336 1779 sive
1351 1751 1406 1779 Deo
1423 1756 1509 1784 natos,
1527 1756 1553 1779 et
1573 1759 1670 1779 nomen
1686 1750 1785 1786 duplex

1001 1787 1169 1822 impositum,
1185 1794 1217 1813 ac
1231 1791 1325 1821 postea
1347 1787 1431 1821 legem
1445 1787 1595 1821 improbam
1612 1787 1784 1814 subsecutam

1000 1829 1071 1849 esse.
1092 1821 1154 1848 llaec
1174 1822 1314 1849 distinctio
1326 1822 1428 1856 peccati
1440 1822 1582 1857 originalis
1596 1827 1637 1848 est
1653 1821 1762 1855 sequela
1776 1830 1783 1854 ;

1001 1864 1088 1891 neque
1104 1857 1263 1884 invaluisset
1280 1857 1302 1883 si
1324 1862 1502 1891 protoparens
1520 1861 1614 1884 noster
1630 1864 1706 1883 suam
1730 1857 1786 1890 pri-

1000 1893 1134 1926 migenam
1163 1896 1299 1919 servasset
1320 1892 1465 1926 justitiam,
1498 1891 1726 1926 quemadmodum
1757 1892 1784 1918 in

1002 1927 1066 1954 sede
1086 1927 1226 1953 beatorum
1248 1927 1336 1953 locum
1353 1934 1407 1954 non
1424 1926 1542 1954 habebit.

1038 1962 1071 1988 87
1093 1961 1182 1995 ’Υπὲρ
1195 1962 1316 1995 ὀφρύας.
1331 1962 1416 1990 Coisl.
1431 1966 1459 1990 et
1476 1962 1541 1997 lteg.
1555 1961 1603 1989 991
1618 1965 1644 1989 et
1655 1960 1717 1994 992,
1730 1960 1786 1988 ἄνω

1002 1997 1050 2028 τὰς
1065 1996 1169 2031 ὀφρύας
1186 1998 1225 2028 εἰς
1237 1996 1312 2030 ὕψος.

816 2088 982 2118 METRICA
998 2087 1145 2117 VERSIO,

160 2182 219 2215 Quo
234 2183 336 2217 nullum
350 2183 459 2217 gravius
471 2183 632 2210 mortalibus
646 2181 736 2209 intulit
749 2188 868 2216 unquam

161 2218 288 2245 Materies
300 2219 420 2244 vinclum
441 2218 576 2252 primfeva,
591 2218 738 2251 onerisque
754 2217 859 2244 molesti

161 2253 329 2287 Principium
346 2261 352 2277 ε
370 2260 419 2279 nec
437 2261 477 2279 mc
489 2253 597 2287 pellexit
610 2253 695 2279 serica
708 2252 803 2278 vestis.

161 2288 216 2314 Nee
235 2296 297 2314 vero
310 2288 440 2321 impensis
455 2288 578 2314 convivia
598 2287 667 2313 sacta
684 2287 810 2321 superbis

164 2323 291 2357 Suspcxi,
304 2324 442 2363 variisque
459 2323 527 2349 cibis
540 2322 656 2354 differta,
676 2321 764 2348 voraci

162 2358 307 2392 lndulgcns
324 2362 409 2384 ventri
429 2367 434 2384 :
455 2357 555 2392 quibus
567 2358 681 2384 exitiosa
699 2356 783 2383 libido

162 2393 288 2427 Gignitur
303 2398 329 2419 et
345 2393 408 2420 foedi
423 2393 535 2420 Veneris
550 2396 700 2419 nascuntur
716 2398 832 2418 amores.

161 2428 217 2455 Nec
229 2434 341 2463 magnas
356 2428 479 2454 babitare
490 2429 596 2458 domos,
609 2431 635 2454 ct
651 2426 791 2461 splendida
807 2430 888 2458 tecta,

161 2462 217 2490 Nec
229 2462 349 2496 jucunda
369 2470 456 2489 meam
469 2462 596 2490 demulsit
607 2463 709 2489 musica
728 2465 844 2487 mentem
860 2471 866 2487 ;

161 2498 217 2524 Nec
232 2505 289 2524 mea
304 2498 420 2524 sernineo
437 2498 600 2524 maduerunt
612 2497 732 2523 membra
749 2495 862 2530 liquore.

163 2533 234 2565 Quin
249 2533 309 2559 aliis
319 2533 401 2559 ctiam
411 2540 535 2559 nummos
548 2532 661 2566 aurique
673 2531 769 2564 reliqui

162 2568 297 2599 Pondera,
319 2568 396 2601 queis
414 2567 492 2594 dulce
509 2571 547 2594 est
567 2567 673 2592 animos
691 2573 851 2592 consumere
865 2566 949 2598 curis,

164 2603 306 2630 immensis
324 2604 390 2629 lixos
404 2602 502 2637 opibus
520 2611 525 2628 :
542 2601 633 2628 brevis
646 2606 726 2634 atquc
742 2601 867 2635 voluptas

163 2638 312 2665 AErumnas
332 2638 430 2665 multas
442 2636 556 2663 comites
573 2636 665 2662 liabct.
681 2637 714 2661 At
732 2636 795 2661 milii
808 2636 884 2663 cordi

164 2674 211 2700 Est
228 2675 306 2707 panis
325 2673 440 2707 rigidus,
457 2672 522 2699 ruini
539 2675 613 2706 grata
626 2670 738 2697 obsonia
757 2671 855 2703 prazbet

164 2709 210 2734 Sal
225 2716 334 2743 purum,
353 2708 466 2742 simplex
482 2707 611 2740 nulloque
623 2706 755 2731 instructa
772 2706 862 2732 labore

164 2742 267 2774 Mensa.
279 2743 340 2770 dein
358 2743 451 2770 latices
468 2741 533 2768 milti
548 2741 638 2768 sobria
656 2740 751 2774 pocula
767 2740 893 2767 fundunt.

164 2779 210 2804 ilat
227 2779 290 2804 milii
303 2779 403 2805 divitiae
417 2784 538 2807 summat,
551 2776 730 2809 Clu-istasque
746 2775 842 2802 salutis

164 2814 274 2845 Auctor,
289 2815 332 2847 qui
355 2817 463 2840 nostras
478 2812 549 2840 venit
565 2811 598 2837 ad
611 2810 736 2837 sublimia
757 2815 862 2837 mentes

965 2186 986 2213 Β
1003 2180 1095 2208 Sidera
1108 2189 1114 2213 ;
1132 2179 1270 2214 frugiferae
1284 2186 1337 2206 non
1353 2178 1462 2214 pinguia
1477 2178 1572 2218 jugera
1586 2181 1680 2209 terrae,

1002 2216 1060 2243 Nen
1069 2224 1165 2243 nemus
1174 2214 1363 2245 umbriferum,
1373 2222 1425 2240 non
1432 2221 1496 2248 grex
1505 2213 1785 2248 pinguedineeurvus,

1002 2251 1060 2277 Non
1078 2251 1219 2277 tardorum
1242 2254 1366 2276 armenta
1381 2249 1474 2279 boum,
1491 2256 1544 2274 non
1563 2255 1659 2281 magna
1672 2253 1781 2275 caterva

1003 2286 1150 2313 Servorum
1167 2285 1233 2312 mihi
1257 2291 1452 2317 congenerum,
1467 2290 1535 2316 quos
1551 2282 1640 2316 pris'ea
1662 2284 1786 2318 tyrannis

1002 2321 1149 2352 Dissecuit,
1169 2327 1323 2353 nomenque
1336 2318 1433 2358 duplex
1447 2317 1558 2343 inl'anda
1572 2317 1685 2350 creavit,

1002 2356 1138 2390 ingenuos
1154 2362 1312 2388 servosque,
1324 2361 1382 2387 part
1401 2352 1497 2379 tellure
1515 2353 1664 2386 profectos,

1000 2392 1141 2425 Autaeque
1157 2390 1283 2424 figmenta
1307 2387 1372 2419 Dei;
1393 2387 1440 2414 sed
1461 2388 1552 2421 iniqua
1567 2390 1663 2414 secuta

1000 2425 1054 2453 Lex
1072 2425 1212 2452 hominum
1226 2423 1296 2458 juris
1307 2422 1388 2456 fregit
1401 2423 1511 2448 decreta
1532 2422 1662 2456 supremi.

1036 2460 1090 2487 Nec
1112 2467 1177 2486 vero
1203 2459 1296 2485 laudes
1312 2457 1452 2483 hominum
1472 2456 1625 2491 famamque
1641 2456 1785 2488 caducam.

1001 2495 1066 2527 Quze
1081 2495 1185 2521 levibus
1204 2493 1293 2520 ventis
1307 2492 1387 2519 citius
1400 2491 1541 2523 dilabitur,
1556 2499 1676 2526 unquam

1000 2530 1119 2565 Appetii,
1135 2528 1315 2556 necCaesarea
1327 2527 1452 2553 sublimis
1464 2527 1491 2553 in
1508 2527 1569 2553 aula

1001 2564 1102 2600 Insigni
1117 2564 1212 2591 llorere
1224 2562 1321 2598 gradu,
1336 2561 1475 2596 judexque
1490 2561 1591 2588 sorensi

1002 2599 1168 2634 splendidus
1190 2598 1216 2624 in
1234 2597 1303 2623 solio
1323 2596 1454 2627 residere,
1466 2600 1492 2623 et
1506 2603 1619 2630 corpore
1635 2595 1725 2629 majus

1001 2635 1083 2661 Ferre
1098 2633 1283 2667 supercilium,
1300 2639 1331 2658 ac
1349 2631 1418 2657 latas
1433 2631 1536 2666 pollere
1554 2638 1601 2665 per
1618 2631 1700 2657 urbes

1002 2669 1126 2702 lmperio,
1141 2673 1167 2695 et
1183 2668 1301 2700 reliquos
1316 2666 1470 2700 praecellere
1484 2666 1580 2693 robore
1592 2666 1677 2696 cives,

1001 2704 1111 2730 Somnia
1128 2710 1196 2729 vana
1207 2709 1325 2736 sequens
1336 2701 1408 2735 (qua)
1421 2709 1560 2735 nunquam
1578 2700 1654 2727 firma
1667 2699 1784 2731 subinde

999 2738 1076 2765 Nunc
1090 2739 1153 2768 lios,
1167 2745 1239 2763 nunc
1252 2736 1321 2762 alios
1334 2737 1445 2767 adeunt,
1462 2739 1614 2770 praeterque
1629 2735 1784 2768 recedunt).

999 2773 1124 2799 Flumina
1142 2773 1184 2799 vel
1204 2771 1332 2798 manibus
1346 2770 1564 2805 praeterlabentia
1581 2777 1707 2803 carpens,

999 2809 1052 2834 Aut
1069 2808 1192 2835 umbram
1207 2811 1335 2840 tanquam
1350 2806 1464 2834 solidam
1477 2806 1621 2840 arripiens,
1631 2805 1784 2840 digitosque
