1864 3041
113 94 142 119 Η
631 104 641 117 ι
686 91 717 117 Α.
740 91 768 117 B.
789 91 938 119 CMLtAU
960 90 1156 118 rnAEFATiO.
1709 94 1743 120 Π.

110 150 302 183 thesaurum,
321 148 468 184 fugiendo
483 146 615 182 auferre,
632 150 672 182 et,
692 147 764 176 dum
784 146 929 176 transiret
944 149 1124 185 tempestas,
1140 145 1307 175 occultare..
1326 146 1433 176 Utrum
1450 146 1554 185 plures
1570 146 1656 176 factm
1672 147 1741 176 sue-

111 199 170 228 rint
188 202 258 228 ante
278 198 336 227 boc
363 200 511 237 temporis
530 199 801 237 transcripti‹›m·s.
819 208 881 229 non
906 200 980 229 satis
999 202 1141 233 constat;
1166 202 1283 228 certum
1302 202 1347 228 est
1372 203 1474 229 autem
1499 199 1655 238 duplicem
1675 200 1740 238 jam

111 247 251 276 codicem
268 246 347 275 inter
365 246 601 275 eminentissimi
613 247 777 277 cardinalis
792 248 850 276 DI).
870 247 965 277 Fesch
983 256 1092 276 manus
1110 247 1248 277 habitum
1272 247 1379 283 fuisse,
1396 258 1528 287 quorum
1551 258 1620 278 cum
1644 249 1740 287 prior,

113 297 206 325 multa
225 297 357 335 pecunia
372 300 579 335 ctuuparatus,
598 298 712 336 quasia
726 299 853 337 propria
869 299 1144 328 benedictinorum
1156 307 1247 327 mauu
1265 298 1449 337 descriptus,
1467 309 1592 329 manum
1609 300 1740 329 alienam

113 349 272 378 evidenter
286 351 441 385 argueret,
459 349 664 386 posteriorem
681 350 792 379 iterum
810 351 942 389 pecunia
960 351 1068 388 majori
1087 350 1218 378 redemit
1235 349 1498 379 emimmtissimus
1516 349 1597 378 idem
1618 350 1739 387 Purpu-

113 402 214 430 ratus:
238 402 341 427 utrum
357 398 507 426 veriorem
523 398 801 437 sincerioreunlue,
816 403 930 429 asserat
946 399 999 437 qui
1015 399 1087 427 vidit
1101 407 1108 434 ;
1122 398 1195 427 mihi
1215 398 1297 427 enim
1309 398 1394 427 illum
1411 397 1514 426 videre
1532 406 1595 425 non
1614 405 1742 426 conces-

112 457 191 477 sum.
216 449 345 476 Romam
366 446 448 475 enini
468 446 649 482 deveniens,
668 451 697 476 et
717 448 755 476 ad
769 447 1014 477 Eminentissimi
1040 446 1137 485 pedes
1157 446 1350 485 provolutus,
1371 454 1408 475 eo
1432 446 1571 475 malacia}
1593 445 1740 474 devenire

113 506 180 526 sum
194 505 297 529 ausus,
315 499 345 525 ut
362 500 423 524 tam
440 495 610 533 pretiosum
627 499 876 531 iutimumentum,
895 496 983 534 prelo
1000 495 1102 524 subito
1129 495 1351 530 mandandum,
1365 494 1561 524 describendi
1584 494 1739 524 licentiam

113 548 358 587 expostularem,
385 556 477 586 quam
499 548 625 585 quidmn
650 552 779 586 propter
798 548 993 585 gravissimas
1012 556 1098 581 saue,
1117 556 1193 585 quas
1217 556 1279 576 non
1304 547 1466 576 discutere.
1480 555 1585 576 meum
1607 550 1664 581 est,
1683 547 1738 575 sed

112 600 258 635 revereri,
276 600 411 628 rationes
426 599 567 628 obtinere
587 607 650 628 non
674 599 813 635 contigit.
836 600 952 629 Durum
968 602 1071 627 tamen
1093 602 1122 627 et
1144 607 1283 627 amarum
1308 598 1410 627 animo
1431 606 1526 627 sacrm
1549 597 1740 635 antiquitatis

112 649 237 682 amanti,
270 647 450 686 pra=sumpti
484 646 685 685 pulcherrimi
722 647 836 677 laboris
863 656 989 677 omnem
1020 647 1145 685 penitus
1172 655 1260 685 spem
1299 647 1443 684 abjicere.
1485 646 1557 676 Mihi
1576 670 1583 682 ,
1626 646 1739 683 fateor,

112 707 237 736 semper
247 701 316 727 ante
329 696 436 726 oeulos
448 696 667 725 obversabatur
678 695 849 725 seeundum
862 696 936 725 illud
950 695 1046 725 saneti
1058 694 1196 731 Gregorii
1210 694 1442 723 Benetlietinum
1454 695 1739 732 volumenssrgone

112 758 237 787 semper
253 749 282 778 in
306 748 398 777 unius
409 746 608 776 bibliothecen
630 746 768 775 tenebris
785 747 942 785 sepultum
959 745 1154 775 remanebit?
1170 746 1335 783 Nunquam
1353 754 1426 782 ergo
1443 746 1494 774 tiet
1510 746 1625 784 publici
1639 736 1741 784 juris?

112 798 249 827 Ecclesia
265 801 350 827 tanto
366 796 482 825 lumine
499 804 660 833 nunquam
681 795 825 825 irradiata
840 794 1009 833 gaudebit?
1025 795 1097 824 Iltec
1116 804 1164 824 me
1180 794 1347 831 cogitante,
1368 794 1470 824 subito
1489 795 1569 824 sama
1592 796 1629 825 ad
1649 804 1740 825 aures

114 848 251 881 att'ertur,
269 855 376 876 verum
392 849 421 874 et
432 845 602 880 genuinum
616 845 822 874 Maurinensis
838 845 1082 874 elucubrationis
1095 844 1255 883 exemplar
1269 844 1392 873 Parisiis
1407 843 1533 880 haberi;
1552 845 1585 874 D.
1606 845 1644 874 de
1660 845 1739 874 Ver-

115 897 210 929 nouit.
227 896 372 926 omnibus
389 895 468 930 aliis,
484 894 537 932 qui
557 894 629 923 huie
649 893 747 923 labori
768 894 1090 928 communieaverant,
1113 893 1308 932 superstitem
1333 892 1466 922 fideliter
1486 894 1560 923 illud
1582 903 1738 930 servasse;

112 948 176 977 imo
192 947 306 985 sa¹pius
325 946 407 984 apud
428 945 531 983 ipsum
548 943 735 973 cardinalem
752 944 847 973 Fesch
873 944 985 981 egisse,
1004 947 1038 973 ut
1057 943 1145 982 prelo
1163 944 1376 981 subjiceretur,
1407 953 1476 973 cnm
1501 944 1617 982 vigeret
1640 945 1740 975 adhue

114 997 321 1037 potentissimi
351 996 474 1034 nepotis
505 995 672 1024 auctoritas
692 1019 698 1030 ,
732 995 943 1033 eumdemque
978 999 1078 1024 morte
1109 994 1233 1024 tandem
1268 997 1457 1032 praevcntum
1475 1018 1481 1030 ,
1514 994 1587 1023 dum
1619 998 1741 1031 regeret

113 1048 216 1078 Sancti
233 1046 370 1085 Dionysii
397 1054 496 1084 prope
526 1044 661 1074 Parisios
691 1044 884 1083 parochiam,
905 1044 981 1074 illud
1013 1045 1164 1083 proximis
1194 1044 1370 1083 reliquisse,
1399 1045 1452 1083 qui
1474 1045 1540 1083 ejus
1570 1046 1740 1075 etiamnum

113 1097 312 1137 possessione
330 1096 523 1125 fruebantur.
541 1095 604 1123 Nee
620 1102 706 1123 mora
721 1103 726 1123 :
743 1095 946 1133 inquiruntur
957 1096 990 1123 D.
1005 1094 1043 1124 de
1054 1094 1197 1124 Verneuil
1216 1094 1369 1129 haeredes,
1390 1102 1447 1123 nee
1460 1094 1557 1124 multo
1567 1098 1637 1133 post
1651 1095 1740 1124 inve-

113 1146 424 1181 niuntur;invenitur
434 1152 504 1174 cum
517 1143 576 1172 illis
586 1143 743 1181 pretiosus
755 1143 855 1172 codex
869 1151 876 1179 ;
889 1151 998 1172 severo
1008 1141 1169 1180 subjicitur
1181 1142 1331 1175 examini:
1355 1143 1500 1180 giganteo
1514 1143 1620 1173 labore
1636 1143 1742 1182 prodi-

113 1200 163 1226 tur
182 1196 393 1225 Maurinorum
411 1193 592 1231 ingenium;
613 1192 773 1229 castigatio
795 1196 910 1228 textus,
930 1191 1167 1222 adnotationum
1188 1191 1378 1229 proprietas,
1401 1192 1552 1222 versionis
1576 1192 1740 1231 perfectio,

114 1247 297 1277 variantium
313 1246 482 1276 lectionum
506 1244 645 1273 delectus
658 1247 685 1272 et
702 1243 881 1279 multitudo,
898 1243 1060 1281 scriptura}
1083 1242 1182 1280 ipsius
1199 1246 1342 1278 vetustas,
1360 1241 1435 1272 nihil
1458 1245 1503 1272 est
1518 1243 1601 1281 quod
1618 1251 1681 1272 non
1703 1242 1740 1272 ad

114 1296 372 1326 manifestandam
387 1295 546 1324 veritatem
563 1298 738 1324 concurrat.
757 1293 822 1321 Into
838 1295 868 1321 et
885 1292 1038 1320 editorum
1051 1291 1189 1326 nomina,
1207 1294 1235 1320 et
1249 1291 1431 1320 eorumdem
1444 1291 1693 1327 deliberationes,
1712 1295 1743 1321 et

114 1345 217 1375 danda
233 1344 439 1384 typographis
457 1341 598 1377 consilia,
615 1344 644 1370 ct
662 1340 823 1379 sequenda
841 1340 872 1368 in
889 1340 1009 1369 eunctis
1030 1339 1197 1368 methodus
1218 1348 1283 1368 rem
1307 1340 1348 1369 ita
1372 1340 1453 1370 clare
1469 1340 1635 1376 elucidant,
1653 1345 1687 1370 ut
1709 1341 1742 1370 in

115 1396 245 1426 dubium
264 1393 403 1424 revocari
419 1400 482 1426 μοι]
499 1390 610 1430 possit.
625 1390 727 1420 Unum
739 1394 768 1420 et
782 1391 910 1429 quidem
922 1390 1077 1420 difficilius
1092 1390 1172 1420 sorte
1188 1391 1410 1421 inveniendum
1423 1393 1612 1429 remanebat,
1626 1402 1741 1432 nempe

114 1447 227 1476 fortem
241 1445 454 1482 audacemque
466 1442 576 1477 virum,
590 1441 643 1480 qui
660 1444 689 1471 et
704 1441 844 1471 codicem
859 1441 978 1479 argenti
993 1441 1133 1480 pondere
1151 1450 1344 1480 comparare,
1361 1446 1390 1472 et
1405 1445 1618 1480 comparatum
1635 1442 1743 1480 ingen-

114 1496 197 1525 tibus
213 1494 384 1533 dispendiis
403 1493 486 1534 typis
507 1494 653 1523 mandare
671 1502 734 1522 non
751 1493 977 1523 reformidaret.
995 1494 1242 1523 Detrectantibus
1267 1494 1334 1523 aliis
1348 1494 1533 1533 quibusdam
1550 1494 1741 1532 perieulum-

116 1554 176 1584 que
202 1545 306 1574 subire
323 1544 548 1579 recusantibus,
569 1543 694 1572 obvium
717 1552 750 1572 se
772 1542 844 1571 feeit
868 1542 948 1571 ultro
974 1543 1008 1571 D.
1024 1543 1328 1579 I'arent-Desbarres‚
1345 1543 1399 1582 qui
1412 1543 1474 1581 jam
1500 1543 1538 1572 de
1562 1543 1690 1572 scientia
1712 1546 1743 1574 et

115 1595 266 1633 religione
282 1594 385 1624 multis
403 1593 591 1623 editionibus
603 1595 632 1621 et
648 1591 820 1630 prasertim
836 1590 1020 1621 collectione
1036 1592 1093 1620 SS.
1110 1592 1239 1621 Patriam
1255 1591 1335 1620 bene
1350 1590 1489 1626 meritus
1506 1590 1650 1620 meritum
1665 1590 1742 1620 illud

116 1653 230 1675 novum
244 1643 494 1682 proecedentibus
510 1641 721 1681 superaddere
740 1640 846 1670 voluit.

800 1700 1011 1729 ARTICULUS
1027 1701 1063 1729 ΙΙ.

361 1766 404 1795 De
420 1765 556 1794 nondum
571 1765 664 1794 editis
676 1774 694 1792 α
708 1764 906 1794 Maurineusi
926 1763 1164 1801 conqreyatimm
1184 1763 1330 1800 Grcyorii
1341 1762 1494 1800 operibus.

155 1825 261 1855 Omnia
275 1826 356 1855 beati
370 1825 511 1855 Deetoris
524 1834 619 1863 opera
632 1828 693 1853 tres
704 1824 741 1853 ad
757 1823 870 1853 classes
882 1823 1060 1853 necessario
1075 1825 1270 1857 revocantur,
1287 1830 1418 1859 quarum
1430 1821 1540 1859 prima,
1556 1822 1742 1851 Sermone&

116 1875 265 1911 secunda,
283 1875 455 1913 Epistolas;
478 1875 579 1909 tertia,
598 1875 743 1903 Poemata
766 1872 994 1911 complectitur⁴
1014 1872 1180 1909 Gregorius
1199 1871 1281 1900 enim
1302 1873 1334 1900 ut
1354 1870 1385 1900 in
1405 1870 1581 1910 perorando
1601 1870 1743 1900 sublimis

117 1929 146 1954 et
165 1925 328 1960 facundus,
344 1925 383 1954 ita
399 1928 428 1954 et
444 1925 474 1954 in
490 1924 656 1955 scribendo
669 1923 785 1953 nitidus
802 1926 894 1960 atque
906 1921 1016 1957 facilis,
1031 1924 1061 1950 et
1075 1921 1106 1950 in
1123 1920 1276 1951 cantando
1289 1920 1412 1957 grandis
1423 1924 1452 1950 et
1462 1928 1602 1949 amoenus
1614 1919 1741 1949 exstitit.

156 1978 322 2007 Sermones
337 1977 464 2015 quidem
481 1986 590 2006 omncs
601 1977 664 2015 jam
677 1985 692 2005 a
704 1974 913 2005 benedictinis
930 1974 1051 2003 meliori
1068 1973 1177 2003 ordine
1192 1972 1277 2008 editi,
1289 1975 1317 2001 et
1334 1970 1434 2009 quoad
1446 1973 1563 1999 textum
1575 1968 1742 2004 emendati,

117 2027 147 2055 in
162 2027 262 2065 primo
276 2027 431 2056 volumine
449 2026 612 2062 habentur,
628 2031 746 2056 servata
761 2025 855 2054 veteri
872 2024 1000 2053 Billiana
1017 2023 1170 2058 versione,
1186 2022 1240 2052 sed
1263 2022 1294 2051 in
1311 2020 1414 2051 multis
1432 2019 1637 2056 maximisque
1655 2017 1742 2047 easti-

118 2081 197 2115 gata,
215 2077 432 2116 decerptisque
456 2080 588 2115 ‹piatuor
604 2077 808 2111 orationibus,
823 2083 936 2112 nempe
952 2083 1023 2108 ΧΗ,
1041 2082 1126 2109 Χιη,
1142 2081 1170 2102 L1
1186 2076 1215 2102 et
1234 2081 1285 2107 Lu,
1300 2080 1369 2110 qnae
1392 2079 1455 2100 non
1471 2070 1550 2098 inter
1568 2075 1740 2102 sermones,

118 2128 170 2157 sed
193 2128 274 2157 inter
288 2129 434 2166 epistolas
454 2127 612 2157 evidenter
632 2126 834 2161 collocandae,
855 2125 1016 2164 proprium
1040 2124 1072 2153 in
1093 2123 1208 2158 locum,
1226 2126 1259 2152 ut
1275 2131 1331 2160 par
1346 2124 1421 2156 erat,
1437 2120 1562 2149 fuerunt
1578 2120 1739 2147 revocatae.

119 2178 245 2206 Restant
263 2177 355 2214 igitur
367 2176 506 2215 epistola}
519 2179 548 2205 et
561 2179 716 2213 poemata,
732 2174 874 2212 qiiceJaiii
889 2174 919 2202 in
931 2173 1088 2212 publicum
1105 2172 1246 2200 emittere
1263 2170 1435 2199 statuimus.

158 2226 314 2264 Epistola»,
329 2236 399 2264 quie
412 2226 535 2255 nonmsi
557 2225 612 2254 2:32
629 2225 659 2253 in
679 2224 845 2253 novissima
862 2223 998 2252 editione
1016 2221 1142 2250 Billiana
1162 2220 1318 2258 leguntur,
1338 2217 1538 2257 superaddito
1552 2219 1655 2246 autem
1673 2216 1739 2244 Mo-

119 2278 247 2307 relliano
270 2278 487 2316 supplemento
506 2276 573 2311 24⁶2,
591 2276 644 2304 sed
662 2284 731 2313 quse
749 2284 865 2309 revera,
882 2273 1054 2303 amandatis
1077 2280 1147 2310 quie
1163 2271 1209 2301 vel
1230 2271 1267 2300 ad
1285 2270 1429 2299 Basiliam
1448 2267 1614 2307 pertinent,
1630 2265 1677 2294 vel
1693 2265 1740 2293 bis

120 2331 392 2365 repr-‘ewutantur,
409 2326 617 2365 superadditis
633 2329 735 2355 autem
748 2334 817 2364 quae
832 2325 878 2353 vel
895 2333 931 2353 ex
944 2323 1137 2353 orationibus
1154 2322 1370 2355 desumuntur,
1396 2319 1443 2348 vel
1465 2317 1590 2348 aliunde
1614 2316 1740 2345 suerunt

120 2380 273 2411 extraetw,
290 2376 327 2405 ad
343 2376 398 2405 ⁶243
415 2385 578 2405 numerum
594 2379 771 2411 assurgunt,
786 2375 823 2403 ita
842 2376 1098 2411 arguitientorum
1110 2371 1285 2400 diversitate
1301 2373 1329 2398 et
1342 2368 1483 2397 varietate
1495 2364 1649 2395 scribendi
1664 2367 1740 2392 tem-

120 2428 277 2462 perantur,
295 2424 387 2453 modo
406 2424 443 2452 de
459 2423 642 2459 theologicis
658 2422 717 2451 alte
733 2422 866 2451 simulet
882 2420 1016 2450 dilucide
1030 2420 1228 2454 disserentes,
1245 2417 1339 2447 modo
1356 2416 1394 2445 de
1417 2413 1642 2453 philosophicis
1658 2412 1738 2442 clare

121 2478 284 2504 tractantes
302 2479 331 2504 et
348 2474 531 2509 sublimiter,
549 2484 631 2503 nune
653 2483 777 2503 reorum
794 2483 810 2503 a
826 2473 1019 2512 principibus
1034 2472 1156 2501 veniam
1173 2475 1318 2510 potenter
1332 2468 1543 2506 implorantes,
1562 2475 1644 2496 nnnc
1660 2474 1736 2495 con-

120 2526 184 2555 silia
200 2526 299 2563 parvis
321 2529 348 2554 ct
369 2526 487 2563 magnis
504 2525 723 2563 dispertientes
737 2523 1084 2561 sapienter,aliquando
1105 2523 1196 2552 etiam
1217 2521 1255 2551 de
1276 2518 1410 2549 minimis
1434 2527 1503 2547 eum
1526 2517 1738 2552 familiaribus,

120 2576 173 2604 scd
188 2584 248 2604 non
262 2575 390 2604 minimo
405 2574 478 2609 sale,
492 2575 644 2612 jocantes,
662 2577 693 2602 ut
707 2573 830 2601 dissicile
848 2573 884 2601 sit
897 2572 1064 2601 admodum
1080 2574 1224 2605 statuere,
1241 2569 1354 2607 quibus
1369 2566 1517 2604 gratiores
1536 2566 1736 2605 utilioresque

121 2625 239 2664 possint
253 2624 394 2658 evadere,
412 2627 514 2652 utrum
531 2622 671 2651 videlicet
690 2621 840 2658 religiosae
857 2621 1018 2656 ‹loeti-inm,
1035 2629 1074 2649 an
1090 2618 1245 2649 soecularis
1260 2616 1411 2647 sacundiae
1428 2615 1571 2645 curiosis.

159 2678 302 2705 Peumata
320 2684 404 2710 vero,
423 2683 492 2713 qua¹
510 2683 572 2703 non
588 2673 687 2702 solnm
705 2681 846 2707 numere,
862 2672 914 2701 sed
932 2672 1010 2700 sorte
1023 2670 1147 2707 ingenio
1163 2668 1308 2707 epistolas
1323 2669 1480 2705 superant,
1497 2673 1558 2694 non
1575 2665 1736 2703 captanda}

123 2725 277 2763 popularis·
294 2734 386 2759 aurw,
405 2733 509 2752 verum
532 2722 750 2760 promm'endie
768 2721 888 2759 pietatis
902 2720 1004 2749 studio
1021 2717 1204 2755 conscripta,
1223 2715 1293 2745 ideo
1317 2724 1332 2744 a
1355 2715 1443 2743 beato
1461 2715 1589 2743 Doctore
1610 2713 1733 2743 suerunt

121 2773 304 2811 composita,
323 2773 383 2801 siit·
413 2776 440 2800 ut
464 2771 659 2809 ,tpollinariffi
676 2771 816 2799 lia-resim
834 2768 953 2798 emissis
966 2769 995 2797 in
1013 2767 1168 2805 publicum
1186 2765 1323 2793 cantibus
1337 2762 1530 2795 insinuantis,
1547 2760 1734 2792 carminibus
