1864 3041
124 105 154 131 Η)
693 110 724 135 Λ.
746 109 775 135 B.
793 109 940 136 CMLLAU
963 108 1147 136 PttAEFATlo
1703 107 1738 133 ⁶20

161 165 195 193 [Ι.
214 165 276 193 Nec
293 173 415 203 parvus,
434 174 491 195 nee
511 165 608 195 facilis
626 166 714 196 labor
730 176 838 196 eorum
860 167 971 197 menda
997 167 1172 204 corrigere;
1196 167 1278 196 unde
1300 166 1473 196 mirandum
1491 166 1665 196 nullatenus
1683 166 1738 195 erit

119 215 323 251 doctioribus,
340 216 364 245 si
379 216 527 246 nonnulla
544 221 680 246 nostram
697 217 789 247 etiam
806 226 889 248 nunc
905 218 1093 255 vigilantiam
1109 217 1286 253 fefellerint,
1305 227 1374 256 qum
1387 221 1492 247 tamen
1507 217 1545 247 ad
1558 217 1674 247 calcem
1688 226 1737 245 re-

120 267 249 294 tractare
262 266 364 295 conati
380 275 496 298 sumus.
515 266 677 296 utilitatem
692 271 867 305 quaerentes
884 267 987 305 potius
1002 276 1094 305 quam
1111 267 1224 296 erroris
1248 267 1397 305 pudorem
1415 266 1661 295 1·es0r111i‹1a1m=5.
1679 265 1738 293 Sed

120 316 151 342 ut
168 314 300 344 rariores
312 316 414 345 forent
428 315 475 344 isti
487 315 638 351 defectus,
656 325 721 346 non
736 317 849 346 nostris
862 316 962 346 solum
979 325 1016 345 ex
1032 316 1147 346 viribus
1164 316 1429 355 pra·suinpsiimis‚
1446 316 1553 345 doctos
1568 318 1671 345 autem
1681 314 1737 343 ad·-

119 364 294 393 vocavimus
310 364 476 402 adiutores,
493 365 664 404 interquos
674 366 757 404 justa
772 376 842 395 cum
859 367 948 396 laude
964 366 1094 395 referam
1117 367 1242 396 nomina
1264 367 1296 395 D.
1311 366 1416 400 (lii-ier,
1433 366 1497 404 jam
1520 369 1608 394 antea
1633 365 1738 402 Regi-⁴12

120 412 336 450 typographiie
361 412 487 447 addicti,
509 421 633 442 necnon
658 417 688 443 et
708 414 740 442 D.
762 414 884 451 Doquin
910 413 947 443 de
969 414 1178 450 Saint-l‘reux‚
1203 415 1234 443 in
1261 414 1446 444 bibliotheca
1470 413 1564 451 Regia
1589 413 1737 443 librorum

119 461 267 495 custodis,
291 465 320 489 et
344 461 376 489 l).
395 461 566 497 Valatours,
586 462 616 491 in
632 462 764 499 collegio
781 462 956 491 Boi-bonico
971 462 1123 491 notissimi
1139 462 1336 501 professoris,
1355 463 1408 501 qui
1423 462 1486 492 sive
1502 462 1533 491 in
1550 465 1615 491 toto
1630 472 1736 500 opere,

120 513 182 542 sive
199 513 229 542 in
245 513 348 551 aliqua
359 513 424 550 ejus
440 517 525 551 parte
542 522 613 543 suas
629 514 790 543 nobiseum
809 523 897 543 rinus
908 513 1215 543 communieaverunt

161 571 212 600 ΙΙΙ.
228 571 318 607 Billii,
338 572 529 601 Leuvenelaii
547 576 574 602 et
595 573 731 602 Foderiei
748 573 865 602 Morolli
881 573 1029 611 poeticas,
1043 576 1092 602 aut
1107 574 1208 612 potius
1222 573 1363 604 metricas
1375 574 1531 603 versiones
1546 573 1583 602 ad
1598 573 1738 603 intimum

122 624 304 660 paginarum
320 624 490 660 marginem
507 624 691 659 dimisimus,
709 634 842 663 quorum
862 624 981 662 primus
997 624 1128 653 feliciter
1143 633 1237 662 swpe,
1254 624 1315 654 dno
1331 628 1433 654 autem
1451 625 1639 663 posteriores
1654 632 1738 661 stepo

121 672 274 702 infelicius
291 673 446 710 egregiam
464 673 603 711 Gregorii
636 673 755 711 poesim
784 674 815 702 in
844 674 981 703 Latinam
1007 682 1126 703 musam
1142 673 1338 703 transtulere.
1353 675 1395 703 lta
1411 677 1512 703 autem
1528 676 1673 712 corrupta
1690 683 1738 702 sn-

122 727 249 762 persunt
264 723 389 753 istarum
406 724 583 753 versionum
608 724 808 762 exemplaria,
831 728 862 754 ut
880 734 962 763 saepe
985 724 1107 754 deficiat
1127 728 1272 760 metrum,
1289 727 1319 754 et
1334 724 1437 753 nullus
1462 725 1553 753 etiam
1570 724 1738 762 aliquando

121 782 231 802 sensus
249 774 345 811 possit
360 773 564 811 deprehendi.
581 774 706 809 Quoties
722 774 886 803 deficiebat
911 783 1032 809 sensus,
1050 774 1136 803 illum
1161 782 1304 812 reparare
1324 773 1510 809 studuimus,
1528 782 1591 802 non
1616 783 1740 811 semper

119 827 220 853 autem
248 828 418 853 restaurare
438 828 582 859 metrum,
601 825 724 863 quoties
744 825 878 855 deficere
894 826 1069 861 videbatur;
1097 825 1150 854 sed
1175 825 1342 863 aliquando
1365 824 1505 854 defectus
1525 824 1657 861 signare,
1681 824 1737 853 ali·

118 873 244 911 quando
261 872 415 909 corrigere
433 882 537 911 opera!
557 873 691 911 pretium
708 874 862 903 duximus.
884 875 1034 904 Neutrum
1054 878 1157 904 autem
1176 874 1318 909 fecimus,
1337 873 1395 902 nisi
1416 873 1531 903 variato
1549 872 1738 908 charactere,
1774 890 1777 898 2

119 926 148 951 et
173 925 342 953 mutatione
370 925 401 953 in
428 924 509 954 notis
534 924 677 954 indicata.
702 926 778 954 Sunt
791 926 882 955 etiam
899 935 1004 955 versus
1033 926 1085 965 qui
1109 929 1161 955 aut
1189 925 1371 960 mnissione,
1394 927 1446 954 aut
1473 924 1739 963 typographorum

118 974 249 1010 incuria,
276 976 358 1014 apud
390 975 512 1005 Billium
541 975 814 1012 desiderabantur;
843 976 914 1006 illos
937 976 1097 1015 supplere,
1121 976 1351 1006 characteribus
1380 976 1492 1005 iterum
1522 975 1654 1011 variatis,
1683 984 1738 1004 eu-

120 1031 263 1052 ramnus.

159 1083 206 1113 IV.
236 1085 313 1120 Quin
329 1085 366 1114 ad
384 1089 517 1123 quatuor
544 1086 638 1115 millia
664 1089 693 1115 et
720 1086 852 1125 amplius
873 1088 1003 1125 assurgit
1028 1096 1176 1117 numerus
1200 1096 1344 1117 versuum
1376 1092 1446 1126 post
1471 1087 1593 1116 Billium
1616 1090 1646 1115 et
1663 1086 1739 1115 alios

119 1135 284 1170 editorum,
302 1144 392 1173 quos,
409 1136 439 1165 in
452 1140 575 1174 poetam
588 1137 784 1167 subitaneum
798 1147 900 1167 rerum
916 1138 1316 1173 necessitate.transmutati,
1330 1137 1493 1167 decantare
1505 1136 1600 1167 coacti
1613 1136 1737 1169 fuimus,

118 1193 259 1222 quosque
277 1184 429 1214 lectorum
444 1185 700 1215 commendamus
716 1186 932 1224 indulgentizm
951 1195 1129 1224 quanquam
1147 1187 1177 1216 in
1195 1187 1339 1216 omnihus
1362 1187 1496 1215 auctoris
1520 1185 1616 1215 menti
1632 1185 1737 1214 adhar-

120 1237 233 1269 rentes⁷
250 1233 313 1263 imo
338 1238 367 1263 et
387 1235 498 1271 verbis,
519 1236 676 1274 poeticum
703 1239 804 1265 tamen
837 1236 954 1275 aliquid
985 1237 1016 1265 in
1048 1237 1237 1273 elocutione,
1263 1237 1425 1276 justasque
1444 1237 1475 1266 in
1496 1240 1593 1266 metro
1618 1235 1739 1273 regulas

118 1293 239 1313 servare
254 1285 449 1314 tentavimus.

157 1345 191 1373 V.
208 1347 373 1384 Supererat
387 1346 524 1384 ingratus
539 1346 699 1382 scribenti,
716 1347 770 1376 sed
787 1352 890 1385 gratus
906 1348 993 1378 valde
1015 1347 1130 1386 legenti
1146 1348 1284 1378 indicum
1299 1349 1397 1385 labor,
1414 1349 1467 1387 qui
1484 1351 1634 1387 quantum
1658 1356 1739 1378 curte

117 1395 330 1432 temporisque
346 1395 496 1430 absumat,
516 1404 608 1425 nemo
625 1400 670 1425 est
686 1405 761 1425 sane
777 1397 830 1434 qui
849 1397 944 1436 possit
957 1397 988 1427 in
1004 1398 1133 1427 dubium
1151 1407 1308 1427 revocare.
1325 1398 1445 1427 Fideles
1466 1398 1738 1428 Benedictinmuni

119 1449 296 1474 nostrorum
322 1446 459 1482 asseclae,
476 1447 690 1484 epistolarum,
708 1448 770 1477 sive
788 1449 891 1486 quoad
911 1449 1052 1479 ordinem
1078 1458 1205 1485 novum,
1224 1449 1287 1479 sive
1303 1449 1406 1488 quoad
1431 1449 1573 1479 ordinem
1593 1452 1739 1483 veterem,

120 1493 182 1523 sive
199 1495 301 1532 quoad
318 1495 458 1525 ordinem
475 1496 704 1534 alphabeticum
719 1497 852 1526 indicem
876 1499 1048 1535 texuimus;
1077 1508 1170 1538 quem
1193 1500 1334 1538 proxime
1354 1500 1494 1538 sequitur
1518 1499 1608 1529 index
1634 1499 1741 1529 earmi—

122 1556 195 1576 num
211 1545 263 1575 ubi
286 1547 399 1584 pariter
413 1550 499 1575 vetus
514 1546 590 1575 ordo
606 1556 675 1575 eum
691 1556 783 1579 novo,
803 1557 965 1587 novusque
982 1558 1052 1579 cum
1074 1550 1167 1579 veteri
1189 1554 1395 1588 comparatur.
1416 1550 1483 1578 Duo
1508 1549 1666 1578 breviores
1689 1548 1740 1578 alii

118 1597 236 1626 indices
275 1596 397 1625 Similia
439 1599 467 1624 et
510 1596 680 1625 Prot-erosa
708 1606 744 1626 ex
778 1599 928 1635 Gregorio
974 1602 1119 1637 excerpta
1163 1602 1398 1637 reprwscma11t.
1435 1601 1513 1628 Tum
1556 1599 1740 1628 evolvuntur

117 1648 236 1678 indices
267 1648 410 1686 majores,
440 1647 493 1676 uhi
526 1656 574 1677 res
603 1652 633 1677 et
661 1649 751 1677 verba
779 1649 909 1688 alicujus
939 1650 1104 1685 momenti,
1122 1659 1192 1689 quae
1218 1650 1265 1680 vel
1288 1650 1319 1679 in
1342 1651 1446 1688 operis
1470 1651 1615 1685 decursu,
1640 1649 1686 1679 vel
1709 1649 1740 1679 in

117 1698 290 1737 appendice
302 1698 458 1735 leguntur,
472 1706 527 1735 per
539 1697 680 1726 ordinem
694 1697 862 1728 litterarum
874 1700 1014 1735 collecta,
1027 1700 1157 1729 euriosae
1170 1700 1337 1729 offeruntui
1355 1699 1547 1738 impositioni
1562 1708 1568 1734 ;
1586 1708 1643 1728 nee
1655 1698 1740 1728 deest

117 1749 210 1777 index
228 1747 277 1776 ille
295 1756 392 1782 sacer,
409 1756 472 1785 quo
489 1751 603 1776 sanvtw
615 1749 780 1786 Scriptura)
797 1750 995 1788 reperiuntur
1010 1751 1189 1786 sententizc,
1207 1759 1284 1788 quas
1300 1751 1330 1780 in
1351 1750 1517 1779 scribendo
1533 1750 1602 1788 pius
1626 1750 1740 1779 Doctor

117 1798 268 1828 adhibuit.
286 1800 358 1833 Qua·
372 1802 473 1828 autem
486 1803 537 1828 aut
553 1799 649 1834 utilia,
666 1803 717 1829 aut
732 1801 853 1830 curiosa
878 1802 1023 1839 perlectis
1038 1802 1152 1840 swpius
1171 1801 1267 1831 saneti
1288 1801 1427 1838 Gregorii
1446 1800 1593 1839 operibus
1613 1800 1739 1829 desum-

120 1850 248 1889 psimus,
264 1849 375 1879 horum
390 1850 429 1879 ita
447 1851 649 1886 rescribendi,
663 1855 695 1880 ut
707 1852 743 1880 ad
756 1852 897 1881 ‹in-dinem
911 1852 1140 1891 alphabeticum
1155 1852 1379 1889 redigerentur,
1396 1851 1597 1887 fastidiosam,
1611 1852 1738 1880 sednon

120 1900 244 1929 inanem
262 1908 364 1929 euram
381 1901 515 1938 suscepit
530 1901 563 1929 D.
582 1901 678 1930 Ballin
691 1901 728 1931 de
745 1902 935 1939 Saint-Paul,
951 1904 1026 1932 vira
1043 1903 1222 1932 liberalibus
1243 1902 1414 1941 disciplinis
1440 1910 1501 1931 non
1528 1902 1663 1937 alienus,
1688 1902 1736 1930 eui

117 1959 170 1980 sua
188 1950 252 1978 lans
268 1954 458 1987 permaneat.

158 2001 229 2028 {hee
243 2008 312 2037 quw
329 2009 384 2029 nee
403 2000 501 2038 plura,
520 2010 576 2030 ner
594 2002 738 2040 pam-iera
762 2002 903 2032 fecimus.
930 2002 1066 2031 attendat
1097 2002 1203 2038 lector,
1225 2006 1254 2031 et
1285 2005 1386 2031 utrum
1405 2001 1442 2031 de
1460 2000 1628 2030 Christiana
1649 2008 1738 2039 repn-

119 2049 198 2079 bliea
217 2049 357 2078 nonnihil
375 2050 454 2081 hene
469 2052 565 2081 simus
580 2053 690 2087 meriti,
710 2053 919 2090 indulgentior
936 2053 1094 2091 dijudnrct.
